4540 5762
526 373 644 567 ,a
775 387 797 548 J
995 421 1619 599 ΓΓΑΓΓ-ΓΓΓΓ.

537 675 691 792 ·sunt,
727 700 834 788 quae
872 674 923 760 dc
953 678 1020 764 illa
1051 679 1297 792 bibliotheca
1331 707 1577 786 narrantur,
1610 697 1780 791 putem,
1810 671 1937 762 libros
1979 677 2068 801 edi.=

565 831 631 890 tos
667 801 782 890 fuisse
814 803 999 892 Graecos
1033 835 1072 894 et
1106 811 1304 915 Latinos,
1331 837 1519 923 quorum
1571 831 1770 892 numerus
1820 804 1933 890 haud
1975 811 2059 900 exi*

359 1029 365 1040 .
481 989 490 1014 Γ
537 943 672 1042 'gaus
710 936 753 1016 ln
800 957 973 1044 vtraque
1014 933 1259 1023 bibliotheca
1312 933 1477 1024 sanilill
1438 939 1571 1022 llimae
1624 931 1780 1048 Synodi
1838 938 2054 1044 reperitur

567 1059 756 1148 Fuerunt
790 1084 959 1172 quoque
995 1059 1225 1150 huiusmodi
1253 1063 1391 1149 libri
1380 1093 1422 1148 m
1453 1060 1699 1149 bibliotheca
1732 1056 2008 1176 Musquenst
2000 1087 2056 1148 ta·

437 1209 450 1232 ·
563 1185 713 1272 bularii
746 1187 978 1297 imperialis,
1014 1195 1084 1303 qui
1119 1215 1284 1296 tamen,
1321 1167 1416 1277 cum
1450 1191 1693 1278 ecclefiastici
1736 1187 1890 1292 essent,
1919 1215 2054 1300 nuper

563 1341 617 1400 ex
651 1313 845 1399 mandato
881 1313 1076 1402 diuenditi
1111 1315 1212 1404 sunt.
1246 1320 1445 1432 Relinquo
1466 1346 1567 1431 ergo
1587 1343 1716 1404 totam
1734 1343 1822 1400 rem
1838 1343 1892 1400 m
1910 1314 2052 1404 dubio.
2125 1383 2128 1388 ,

710 1439 835 1528 Sed
824 1469 905 1531 ram
942 1449 1071 1555 pietas
1105 1445 1371 1576 officiumque
1402 1473 1541 1531 meum
1576 1443 1795 1592 pullulat,
1818 1468 1863 1528 vt
1895 1441 1962 1530 hic
1980 1471 2053 1556 pa

559 1567 644 1654 lam
676 1573 836 1679 gratias,
871 1595 973 1683 quas
1007 1577 1166 1658 animus
1201 1601 1349 1686 capere
1382 1575 1514 1686 potest
1547 1577 1755 1676 maximas,
1791 1592 1912 1682 agam
1928 1575 2051 1658 Sanc·

558 1697 728 1782 erismae
760 1697 915 1810 Synodi
949 1685 1084 1786 Sociis
1110 1703 1220 1787 Viris
1250 1703 1578 1788 Eminenrislrmis
1613 1725 1736 1814 atque
1783 1700 2056 1786 illustrillimis.

560 1849 744 1938 quorum
759 1823 1014 1912 humanitati
1050 1827 1333 1943 beneficioque
1364 1830 1520 1934 aditum
1554 1827 1605 1913 ad
1655 1827 1729 1912 has
1780 1815 2057 1914 bibliothecas.

558 1949 703 2051 debeoss
766 1952 877 2036 Cum
896 1959 1003 2038 enim
1034 1955 1115 2040 boc
1149 1963 1247 2068 erga
1282 1957 1412 2043 bonas
1433 1959 1567 2042 literas
1602 1960 1795 2041 meritum
1828 1953 1880 2041 ab
1899 1959 2048 2041 exteris

555 2081 640 2164 iarn
671 2077 879 2163 multones
897 2078 1073 2194 virisque
1107 2082 1338 2169 domimus
1373 2111 1412 2169 et
1445 2081 1662 2194 gramis
1609 2107 1684 2166 mis
1717 2079 1883 2164 summis
1921 2083 2047 2200 laudi·
2086 2157 2091 2164 .

420 2207 429 2238 ⁸
556 2203 638 2292 bus
671 2204 922 2320 publicoque
955 2214 1176 2327 praeconio
1211 2209 1238 2293 s
1226 2236 1255 2295 t
1308 2211 1628 2324 comprobatum
1660 2233 1699 2293 et
1751 2204 1988 2322 laudatum,
2023 2237 2047 2295 a

554 2361 624 2419 me
657 2328 877 2445 profem,
911 2340 977 2420 cui
1009 2337 1052 2421 id
1087 2339 1337 2448 potillimum
1370 2337 1570 2425 tributum
1603 2339 1660 2421 est
1691 2311 1971 2440 beneficium,
2000 2335 2048 2421 [Γ-

551 2460 678 2566 lentio
713 2465 923 2584 praeteriri
955 2464 1231 2549 nullomodo
1263 2469 1407 2579 potest.
1482 2467 1633 2552 lustum
1665 2491 1768 2576 ergo
1802 2458 1946 2548 censeo
1977 2463 2054 2551 hic.

550 2591 796 2704 nominatim
832 2617 926 2674 cum
961 2597 1063 2701 grati
1102 2596 1223 2678 animi
1257 2599 1338 2679 mci
1372 2589 1566 2678 aduersus
1599 2591 1879 2686 lllullrillimos
1920 2617 2046 2704 atque

550 2713 896 2802 Eminentiffimos
928 2715 1275 2832 Archiepiscopos
1307 2721 1594 2832 significatione
1615 2727 1943 2826 commemorare
1961 2721 2048 2806 Ga*

553 2839 748 2947 brielem,
780 2841 1011 2954 Platonem,
1044 2847 1326 2932 Innocentium
1359 2874 1399 2932 et
1431 2847 1693 2950 Samuelem,
1732 2847 1926 2931 Summos
1966 2849 2042 2934 Ec·

553 2969 695 3056 cleirac
726 2907 1011 3058 Orthodoxae
1029 2972 1225 3060 Graeco·
1236 2977 1414 3064 Rolficae
1444 2977 1665 3078 Antistites,
1698 2959 1823 3064 Viros⁸
1856 2978 2041 3082 virtute,

529 3083 768 3223 doctrina,
802 3103 981 3210 pietate,
1016 3094 1212 3188 summis
1212 3115 1309 3216 erga
1343 3108 1544 3215 patriam,
1560 3100 1788 3188 eccleham
1822 3125 1862 3186 et
1911 3099 2042 3188 bonas
2120 3105 2125 3116 “

435 3248 461 3348 J
548 3210 716 3312 literas
717 3231 869 3314 meritis
902 3227 1177 3334 Clarillimos,
1211 3237 1303 3345 qui
1314 3257 1450 3318 meam
1480 3233 1604 3318 literis
1636 3222 1876 3314 inseruiendi
1895 3231 2040 3317 volun·

550 3377 680 3438 tatem
715 3351 976 3468 studiumque
1008 3355 1324 3461 beneuolentia,
1359 3355 1534 3464 fauore,
1564 3355 1780 3468 consilio,
1831 3355 2021 3444 studio
1998 3353 2040 3446 et

547 3484 779 3594 patrocinio
834 3481 1079 3570 adiuvaruiit
1130 3511 1169 3572 et
1201 3485 1406 3572 adiuuant.
1471 3483 1552 3572 De't
1588 3489 1644 3570 eis
1666 3485 1778 3568 Deus
1797 3477 2039 3596 prosperam

547 3605 854 3722 valetudinem,
888 3613 1013 3694 vitam
1048 3611 1315 3723 longillimam
1335 3676 1345 3714 ,
1364 3615 1643 3700 confiliorum
1676 3635 1715 3697 et
1748 3608 1950 3698 sactorum
1975 3607 2035 3700 lb-

387 3729 426 3812 '.
550 3761 674 3822 orum
708 3741 896 3822 omnium
940 3731 1158 3854 hacceffum
1203 3736 1509 3848 felicisimum,
1550 3735 1762 3852 sarcitque,
1811 3765 1870 3842 vt
1904 3742 2037 3852 patrla

548 3865 692 3976 plures
728 3864 827 3949 tales
863 3867 975 3958 viros
1007 3869 1047 3949 in
1071 3865 1167 3951 dies·
1191 3865 1468 3975 nanciscatur,
1508 3873 1579 3984 qai
1612 3865 1759 3952 eodem
1808 3867 1941 3954 studio
1992 3891 2035 3954 et

549 3985 741 4101 sapientia
773 3991 903 4076 bonas
937 3991 1070 4078 literas
1103 4019 1276 4100 curent,
1306 3992 1505 4101 foueam,
1529 4004 1758 4098 tueantur,
1808 4019 1853 4080 vt
1900 3996 2006 4080 Rois
1993 4023 2032 4084 a

550 4115 801 4226 lt'nperaticis
836 4107 1152 4230 Augustillimae
1183 4123 1352 4210 confiliis
1384 4121 1649 4238 sapientiis
1595 4150 1671 4206 mis
1676 4094 1929 4233 bellicisque
1953 4127 2031 4210 vir·

549 4242 733 4332 tutibus
730 4246 870 4356 longe
895 4273 1017 4360 atque
1049 4251 1128 4336 late
1160 4251 1331 4356 viiirix,
1363 4239 1590 4357 literarum,
1623 4254 1773 4336 unum
1807 4248 2028 4360 dilciplina·

549 4385 727 4489 rumque
758 4373 978 4478 immortali
998 4375 1127 4465 laude
1163 4380 1214 4468 ad
1246 4373 1356 4466 seros
1388 4384 1574 4556 posteros
1606 4375 1848 4467 celebretur.

1814 4491 2025 4608 mum
2061 4523 2073 4662 s
