4540 5762
840 488 1294 584 ATHANASll
1354 481 1764 580 SCHlADAE
1904 521 1924 540 ·

676 651 1194 806 'unnronrro
1250 689 1357 797 nr
1405 684 1921 832 Pununnmo

795 932 798 940 '
939 937 1676 1040 rxcnrncoconrvs,
1855 915 1860 922 '

757 1152 886 1246 quem
915 1121 1118 1244 Mosquae
1151 1121 1276 1218 edidit
1312 1149 1421 1216 anno
1452 1121 1514 1210 M.
1530 1120 1657 1212 DCC.
1674 1117 1849 1220 xxrn

1953 1345 1962 1356 .
2039 1349 2044 1356 .

382 1815 393 1818 ,
561 1727 965 1826 Porenmssmo,
1022 1703 1485 1846 Avcvsrrsstnomta
1533 1711 1849 1813 inventrem
1881 1740 2050 1846 orente

625 1911 989 2030 Arrocnnrom'
1007 1955 1189 2022 rorrvs
1220 1931 1426 2040 Rossmn,
1456 1929 1714 2070 PETRO
1745 1931 2053 2068 MAGNO,

573 2191 578 2202 ¹
626 2117 1053 2258 urrunnun,
1089 2141 1286 2235 Donruo
1322 2123 1737 2236 Cernitur-resino.
1788 2163 1794 2172 ·
1853 2171 1860 2192 .,
2021 2219 2027 2230 ,

564 2497 737 2736 Om
768 2508 990 2627 superioris
1036 2514 1130 2600 anni
1175 2505 1330 2598 menses
1362 2507 1826 2602 monumemtum
1857 2481 2054 2627 Synodue

569 2725 574 2738 .
693 2643 817 2735 vellet
848 2638 1113 2730 introducere
1144 2635 1361 2728 Holsaciae
1393 2643 1650 2755 Principem,
1683 2641 1836 2756 (quod
1869 2635 1956 2755 ipsc
1987 2669 2055 2728 ex·

566 2777 739 2889 petiit‚)
770 2776 814 2858 in
847 2769 1023 2858 domurn
1056 2765 1293 2884 synodalem
1326 2767 1378 2855 ad
1418 2768 1584 2887 visenda
1626 2769 1903 2886 pretiosrssuna
1935 2767 2055 2867 indu·

565 2927 707 2990 menta
724 2897 933 2988 Pontificio
949 2923 989 2984 et
1007 2895 1298 2984 bibliothecam
1315 2895 1429 2990 libris
1447 2893 1731 3011 manuscriptis
1742 2885 2055 3014 Graecis'refer·

514 3091 521 3102 -
567 3022 673 3118 ram:
708 3033 923 3143 negotium
947 3024 1060 3112 dedit
1076 3029 1179 3115 Viro
1199 3026 1380 3134 literato,
1412 3027 1566 3116 Abbati
1596 3009 1816 3114 Athanasio
1835 3027 2056 3137 Condoidi,

398 3174 423 3222 .·
569 3157 755 3246 eiusdem
770 3155 928 3272 Synodi
939 3153 1193 3263 Asseliori,vt
1210 3153 1372 3243 codices
1389 3154 1660 3246 bibliothecae
1677 3152 1918 3270 disponeret.
1938 3161 2057 3246 Non·

433 3281 456 3321 ³
569 3285 672 3375 dum
713 3290 822 3376 enim
855 3311 933 3399 per
963 3309 1098 3372 nouos
1129 3313 1266 3398 nuper
1308 3279 1557 3376 fabrefablos
1597 3285 1782 3400 pluteos,
1817 3286 1956 3376 debito
1991 3315 2056 3397 or·

570 3413 675 3512 dine¹
695 3441 819 3507 erant
854 3413 1054 3502 collocati.
1105 3414 1202 3544 -Qai
1243 3440 1340 3501 cum
1371 3415 1635 3532 intelligeret,
1679 3442 1748 3524 me
1783 3443 1953 3532 quoque
1984 3445 2058 3504 eo·

570 3547 799 3656 gnitionem
833 3540 1036 3630 librorum
1067 3538 1445 3661 manuscriptorum
1476 3543 1641 3650 habere,
1676 3538 1883 3632 accersruit
1915 3574 1981 3634 me
2010 3551 2055 3632 in

568 3667 882 3776 bibliothecam,
915 3693 961 3758 vt
992 3667 1291 3784 muruscn‘ptos
1325 3671 1513 3776 codicer„
1529 3669 1793 3786 inspicerem,
1828 3675 2056 3762 considera

567 3827 663 3889 rem
697 3820 821 3917 atque
853 3799 905 3894 de
939 3795 1110 3920 seculo,
1128 3825 1214 3914 quo
1250 3793 1531 3918 vnusquisque
1564 3801 1696 3890 codex
1712 3797 1791 3890 fuit
1806 3799 2055 3921 exscriptus,

568 3928 598 4015 fi
633 3955 776 4024 notam
807 3923 1006 4043 temporis
1035 3954 1121 4016 non
1153 3927 1324 4016 haberet
1354 3923 1613 4046 inscriptam,
1630 3958 1765 4020 meam
1785 3959 1955 4049 quoque
1972 3930 2056 4021 sen·

569 4059 739 4148 rentiam
786 4053 1047 4172 proferrem,
1098 4057 1329 4169 postulauic
1393 4059 1509 4148 Dum
1540 4087 1642 4150 vero
1659 4051 1943 4180 ingrediebar,
1976 4068 2057 4150 nni·
2127 4166 2133 4174 ι

575 4213 648 4276 mo
678 4183 913 4280 voluenam'
934 4180 1111 4299 gloriosa
1144 4211 1183 4274 et
1213 4187 1600 4302 magnificentissima
1630 4185 1815 4276 facinora
1827 4191 1954 4279 diuae
1971 4215 2055 4280 me·

572 4320 732 4406 moriae
761 4307 901 4406 Alexin·
931 4313 1239 4423 Autoeraton's,
1275 4317 1559 4426 Patrio-Tui,
1580 4317 1811 4434 imperator
1824 4316 2056 4434 Augustiffi-

571 4468 641 4536 nt.
703 4443 873 4538 Notum
903 4447 1013 4536 enim
1056 4441 1158 4536 mibi
1206 4467 1312 4557 crat,
1345 4441 1634 4560 cobeffionenr
1676 4443 2057 4564 manuscriptorum

1883 4581 2057 4738 isporum
