4540 5762
565 437 1239 580 ‚Paratonio
1626 475 1682 584 o
1744 395 1791 423 ”
1943 425 1946 434 ’

182 671 329 772 nautia
348 661 456 764 seire
489 671 639 780 velim,
670 695 816 760 vetum
848 677 1010 787 priores
1042 668 1249 772 edldonee
1280 696 1335 770 ex
1365 667 1482 784 libris
1513 643 1676 802 scriptia

175 795 332 920 ,dubiae
362 799 457 906 sint,
491 827 543 910 ln
574 800 770 891 aliunde?
803 802 833 886 fi
863 827 916 888 er
950 801 1064 889 libris
1082 798 1277 922 seripm,
1307 795 1595 924 eutergoeos
1626 829 1675 901 vt

57 937 65 950 ·
180 921 352 1026 {allanto
380 928 630 1042 repudiant?
663 928 823 1030 Deinde
855 925 1003 1038 seeum
1036 929 1140 1020 baee
1186 917 1419 1048 reputent,
1438 955 1490 1018 ao
1527 958 1675 1038 ornnes

164 1043 400 1167 *scriptores
417 1061 573 1172 antiqui
591 1085 642 1144 ex
656 1061 837 1168 optimis.
851 1053 1013 1172 semper
1038 1057 1211 1170 expetiit
1234 1057 1308 1146 lint
1345 1047 1587 1164 codicibus,
1618 1085 1679 1150 au

178 1180 386 1286 editorem
411 1211 554 1274 omnes
579 1180 685 1272 naffi
706 1184 781 1272 srnt
805 1183 979 1276 dottam
996 1180 1036 1272 et
1053 1184 1310 1298 diligentem,
1336 1209 1397 1292 ,an
1430 1184 1675 1304 typothetae

177 1305 381 1424 nusquam
398 1311 651 1402 errauerint?
669 1311 794 1440 Qud
813 1339 938 1427 quatu
957 1311 1027 1398 diu
1045 1309 1281 1426 defingulis
1298 1309 1411 1398 libris
1428 1339 1516 1401 tton
1545 1312 1684 1402 doeu·'

177 1441 307 1549 eine,
326 1445 338 1546 l
348 1465 391 1526 et
408 1464 557 1534 vereor
573 1436 779 1556 profecto,
790 1467 848 1528 an
868 1457 1052 1555 vnquam
1069 1439 1121 1525 de
1138 1439 1223 1528 vilo
1242 1439 1285 1527 id
1303 1437 1454 1528 docere
1475 1441 1672 1559 pollina)

157 1563 337 1690 'tamdiu
353 1567 395 1653 in
411 1593 555 1656 errore
573 1595 696 1684 atque
714 1567 969 1656 dubitatione
985 1564 1272 1660 versabuntur,
1310 1567 1410 1654 Eius
1427 1593 1568 1656 autem
1597 1568 1672 1658 du·

177 1685 513 1792 bitationievnde
530 1691 681 1811 quaeso
698 1695 879 1819 remedia
896 1719 1057 1810 petant,
1087 1693 1159 1782 nifi
1181 1719 1255 1782 aut
1281 1721 1332 1782 ex
1361 1691 1474 1782 libris
1500 1695 1671 1810 diligen·

177 1825 260 1910 tius
278 1817 447 1936 seriptis,
472 1849 543 1910 aot
563 1851 614 1912 ex
631 1821 876 1910 editionibus
894 1809 1232 1912 correillofiius?
1266 1823 1381 1910 Nam
1398 1822 1479 1918 boe
1498 1823 1673 1938 quidem
1851 1924 1854 1930 ,
1937 1859 1945 1872 ·

177 1944 282 2055 itio,
300 1955 514 2046 'nminem
530 1955 584 2051 ita
600 1951 818 2064 infipidum
835 1947 931 2056 elle,
959 1975 1003 2038 vt
1020 1941 1183 2040 nulum
1207 1947 1436 2062 editionum
1446 1939 1668 2044 'discnmen
1791 1977 1806 2001 “·

107 2148 112 2157 .
176 2071 320 2181 faeiat,
353 2096 399 2166 vt
422 2073 660 2192 stuparum
685 2075 868 2180 interesse
891 2081 1106 2192 opinetur,
1131 2103 1293 2184 vuum,
1320 2078 1500 2192 exetnpli
1525 2075 1669 2187 eausa,

176 2203 339 2316 vegili
358 2205 536 2294 editione
552 2231 693 2308 vtatur
711 2205 884 2314 Minelli,
901 2233 954 2294 an
973 2205 1028 2297 ad
1045 2203 1221 2317 modum
1237 2205 1407 2312 Minelli,
1424 2234 1480 2298 an
1491 2207 1668 2316 Sinceri,

178 2353 231 2418 an
264 2330 448 2440 Halensr,
488 2329 644 2456 nescio,
674 2333 786 2424 vnde
821 2333 1024 2447 exprelia,
1057 2362 1133 2439 an,
1166 2332 1282 2448 quod
1307 2360 1409 2448 paee
1431 2334 1680 2428 Doctorum*
1787 2397 1794 2404 -

176 2457 379 2550 Virorum
392 2460 576 2570 dixerim,
609 2462 775 2568 Heiofii,
807 2459 1042 2567 Burmanni,
1074 2459 1257 2576 Heyniii
1288 2463 1414 2576 Tana,
1446 2461 1667 2576 iiposteri·

174 2613 274 2682 orna
305 2589 504 2684 editiones
532 2589 708 2704 probat,
736 2589 833 2678 ideo
867 2592 1063 2678 nindtum
1096 2588 1268 2710 probat,
1302 2589 1417 2704 quod
1433 2589 1565 2678 multa
1595 2619 1679 2689 eu·¹
1794 2599 1814 2614 ‘

175 2739 245 2825 rat,
272 2713 500 2833 diligentia,
528 2716 721 2818 nouom
749 2741 794 2806 et
829 2720 1018 2828 omnine
1049 2715 1103 2804 ad
1134 2714 1273 2809 libros·
1297 2713 1469 2832 scriptos
1501 2713 1666 2806 eonfor-

173 2869 310 2934 tnetae
347 2850 494 2964 atque
513 2845 757 2948 vernettrlatae
782 2841 901 2942 ¹lunt.
947 2843 1048 2934 ⁴Sed
1093 2849 1308 2934 mittamus
1351 2846 1466 2936 haee.
1527 2846 1665 2934 Facia-
1747 2851 1756 2874 ‘

154 2999 272 3060 ¹mus
304 2979 387 3064 iam
413 2975 586 3062 haerere
616 2975 800 3090 aliquem
830 2975 873 3062 in
902 2971 998 3063 loco
1030 2972 1170 3089 aliquo
1202 2998 1405 3088 corrupto
1448 2997 1490 3058 et
1518 2970 1665 3072 dubio.

31 3151 36 3160 .
176 3097 289 3230 Qid
320 3099 470 3218 ergo?
499 3101 723 3192 Locumne
769 3099 887 3190 illum
928 3095 1098 3215 prorsus
1129 3099 1309 3212 negliget
1340 3125 1382 3188 et
1421 3098 1704 3215 relinquetp.

175 3225 434 3320 Facillimum
472 3227 515 3316 id
545 3231 725 3346 quidem
785 3229 857 3318 Sic
896 3234 1007 3318 enim
1050 3254 1129 3316 nee
1159 3227 1370 3316 dolirinae
1405 3234 1549 3339 eopia,
1585 3257 1666 3318 nee

174 3357 328 3469 ingenii
357 3359 548 3448 aetunine
580 3385 690 3472 opus
721 3347 793 3446 est.
853 3357 937 3446 Sed
970 3360 1162 3444 attentior
1214 3379 1256 3442 et
1295 3349 1472 3442 discendi
1512 3355 1662 3444 studio·

174 3487 259 3575 lior
293 3481 424 3572 lettor
460 3483 561 3600 quid
592 3481 777 3578 saeuius
809 3483 895 3573 esti
944 3485 1057 3572 Ante
1100 3487 1239 3572 omnia
1286 3481 1478 3588 videbit,
1510 3510 1692 3602 verene-
1737 3601 1740 3610 .
1916 3499 1922 3512 '

172 3607 230 3700 'an
259 3605 361 3698 falso
389 3609 591 3700 eiusmodi
624 3611 741 3700 loeus
771 3611 973 3700 habeatur
1004 3637 1084 3726 pro
1102 3609 1335 3724 corrupto?
1364 3611 1496 3728 Tum,
1514 3607 1663 3725 liquid
1713 3693 1715 3704 .

178 3733 434 3830 obscuritatis
467 3737 654 3847 haereat,
687 3739 905 3854 diligenter
936 3736 1201 3844 examinabit,
1230 3737 1277 3824 stt
1295 3765 1347 3824 ne
1379 3765 1427 3825 ea
1457 3735 1658 3856 inprobus,

177 3891 249 3956 aut
280 3867 432 3976 verbis,
463 3891 535 3956 aut
568 3863 719 3956 inscitia
747 3865 845 3956 sua?
875 3867 1004 3996 Qod
1035 3866 1063 3951 si
1094 3871 1137 3952 in
1169 3893 1253 3954 vno
1287 3865 1441 3954 horum
1472 3861 1660 3952 versatur

178 3989 423 4103 obscuritas,
458 4021 567 4110 opus
599 3999 657 4084 est
691 4001 935 4110 interprete,
969 4023 1052 4081 non
1089 3992 1201 4104 libris
1232 3989 1399 4104 scriptia.
1461 3993 1533 4080 Sin
1566 3989 1659 4080 seri·
1797 4069 1803 4080 .

176 4101 412 4238 boe'culpa
444 4148 628 4212 erratum
660 4126 735 4231 est,
767 4121 871 4238 quid
902 4147 993 4209 tum
1026 4117 1177 4206 faciet?
1207 4121 1377 4232 Ingenio
1418 4115 1582 4206 fortalle
1614 4149 1658 4207 v·
1773 4185 1792 4213 2

177 4272 289 4336 tetur
319 4277 361 4338 et
394 4247 670 4342 coniebburis?
701 4253 804 4380 Qis
836 4279 923 4338 non
954 4249 1086 4360 videt,
1119 4245 1200 4334 hoc
1239 4245 1367 4332 modo
1413 4253 1550 4333 omnia
1584 4246 1658 4332 du·

175 4370 246 4468 bia
275 4377 392 4472 reddi
424 4385 467 4472 in
499 4373 663 4498 scriptis.
688 4405 878 4470 veterum
909 4399 950 4464 et
981 4375 1173 4466 audaciae
1216 4373 1482 4492 liceptiaeque
1515 4369 1657 4588 faeno}

927 4504 968 4592 D
1343 4549 1352 4558 ·
1561 4505 1649 4590 ari.

700 4955 1097 5336 J,
