4540 5762
447 480 659 598 Atlnnafit‘
691 449 887 578 Scht‘adot
917 445 1133 584 Dedicalr‘o
1162 507 1203 586 et
1234 491 1458 612 Praefatio.
1656 478 1754 612 671

195 715 398 808 ustorum
429 741 539 834 opus
571 715 649 805 elie
679 704 895 828 eiusdem,
914 715 1066 812 faciam
1098 747 1248 836 magna
1281 727 1464 838 pecunia
1500 747 1541 812 et
1581 726 1715 845 fingu-

212 847 299 935 lari
331 847 540 962 diligentia
573 851 648 936 viri
692 845 823 937 fidelis
854 847 1014 939 Arsenii
1064 847 1381 944 sacromonachi.
1465 855 1708 962 Numeratis

211 1003 328 1092 ¹ergo
358 975 489 1092 'atque
522 981 760 1066 examinatis
803 979 1037 1084 codicibus,
1072 1009 1157 1069 non
1206 982 1377 1097 quidem
1424 1008 1486 1072 tot
1535 982 1714 1091 inueni,

202 1131 328 1222 *quot
359 1105 485 1194 habet
516 1103 765 1192 bibliotheca
784 1107 981 1198 Vaticana
999 1111 1166 1216 Romae,
1199 1137 1304 1227 quot
1337 1112 1557 1202 Parifiensts
1589 1117 1712 1230 Regis

220 1235 402 1343 Galliae,
436 1261 541 1352 quot
576 1233 815 1322 Ox'onienfis
849 1237 1087 1344 Bodleiana,
1122 1264 1226 1353 quot
1270 1237 1468 1338 Caesarea
1506 1227 1711 1348 Viennae,

141 1465 144 1472 ¹
220 1389 326 1481 quot
358 1366 634 1453 Laurentiana
663 1367 804 1476 Magni
823 1365 951 1455 Ducis
983 1361 1207 1455 Hetrutiae
1214 1398 1226 1481 3
1245 1363 1312 1456 sed
1332 1369 1437 1458 adeo
1455 1367 1547 1456 sunt
1564 1375 1711 1462 vetusti

218 1499 350 1582 maior
383 1521 479 1608 pars
503 1495 709 1604 istorum,-
727 1521 782 1582 ·vt
814 1497 962 1610 pollint
981 1524 1091 1592 ‚cum
1123 1495 1349 1583 rarioribus
1382 1499 1550 1588 illorum
1574 1503 1616 1586 in
1641 1528 1710 1612 ue·

195 1626 366 1730 «testate
401 1621 663 1714 contendere.
728 1625 882 1740 Neque
912 1629 1020 1713 enim
1055 1632 1209 1713 mirum
1250 1628 1329 1738 est,
1361 1627 1449 1726 illas
1494 1624 1709 1715 bibliothe

203 1779 287 1840 ‘cas
322 1751 397 1838 elle
438 1748 722 1874 manuscriptis
755 1751 1100 1860 abundantiores,
1136 1754 1238 1840 dum
1270 1781 1356 1841 non
1409 1783 1536 1860 vnus,
1571 1783 1708 1871 neque

217 1909 301 1969 vno
336 1907 526 2002 tempore
545 1880 635 1967 illos
653 1877 829 1996 collegit.
892 1882 1017 1970 Multi
1051 1888 1160 1990 enim
1197 1883 1437 1992 Pontifices,
1471 1911 1567 1972 cum
1599 1887 1710 1976 mul·

216 2035 281 2098 tos
315 2010 500 2096 Graecos
532 2010 711 2122 benigne
746 2035 873 2126 atquc
920 2011 1112 2130 munifice
1162 2015 1421 2126 exciperent,
1452 2011 1605 2100 multos
1653 2013 1705 2104 ab
1835 2121 1837 2126 ,

150 2243 153 2252 ‚
213 2140 294 2227 illis
324 2135 622 2252 manuscriptos
676 2131 837 2226 codices
869 2143 910 2226 in
944 2139 1103 2226 donum
1138 2167 1399 2254 acceperunt.
1461 2142 1571 2228 lntcr
1603 2141 1705 2251 alios

136 2343 141 2354 .
213 2295 315 2357 vero
349 2269 550 2354 Nicolaus
584 2269 642 2356 V.
672 2259 883 2356 Romanus
919 2264 1129 2384 Pontifex,
1162 2273 1323 2382 magnis
1357 2267 1589 2384 supmtibus
1623 2299 1704 2384 pet·

211 2422 464 2486 mercatores
499 2425 522 2482 a
558 2391 744 2510 Bysantio
779 2423 902 2511 capto
938 2402 1187 2512 conquirens
1226 2395 1355 2484 libros
1391 2424 1588 2512 graecos,
1622 2401 1703 2488 Va·

213 2531 391 2616 ticanam
425 2524 718 2612 bibliothecam
750 2530 882 2631 auxit,
917 2553 1024 2640 quae
1057 2551 1208 2612 tamem
1238 2526 1371 2614 multo
1405 2530 1499 2641 post
1532 2527 1585 2614 ad
1617 2553 1703 2618 tan·

196 2679 303 2766 ‘turn
339 2682 560 2742 numerum
594 2651 828 2760 librorum,
865 2677 1045 2769 quantus
1095 2681 1208 2740 nunc
1254 2651 1450 2761 habetur,
1487 2663 1701 2764 excreuit,
1806 2653 1812 2668 ’

125 2863 139 2894 ,
211 2814 310 2873 cum
342 2783 615 2892 bibliothecae
644 2783 845 2871 Palatinae
878 2808 1002 2900 atquc
1035 2781 1290 2890 Christinac,
1322 2784 1492 2872 Sueciae
1522 2782 1701 2900 Reginae

208 2909 510 3028 manuscriptos
543 2915 726 3000 Pontifici
762 2912 935 3004 donatos
969 2918 1011 2999 in
1046 2908 1085 2998 sc
1118 2916 1284 3026 recepit.
1348 2913 1567 3002 Bodleiano
1594 2942 1698 3005 vero
1775 2950 1788 2958 ··

210 3043 452 3134 Oxonienfis
486 3069 585 3129 tunc
617 3043 776 3129 tantum
810 3046 967 3157 accepit
997 3047 1319 3146 incrementum,
1354 3071 1450 3129 cum
1485 3046 1588 3130 varii
1618 3043 1732 3150 Cos

197 3178 328 3260 mites
361 3201 408 3259 ao
441 3171 680 3284 Magnates,
712 3175 783 3286 qui
815 3197 963 3283 magna
996 3175 1171 3283 pecunia
1206 3196 1247 3256 et
1279 3169 1469 3283 fingulari
1490 3171 1699 3286 diligentia

191 3306 332 3390 uariis
367 3298 624 3414 temporibus
656 3301 812 3388 multos
844 3325 1028 3386 emerant
1060 3293 1373 3413 manuscriptos
1406 3294 1572 3386 suarum
1603 3297 1693 3386 bib-

203 3429 480 3518 liothccarum
512 3427 641 3516 libros
675 3427 894 3516 donarunt.
948 3423 1211 3541 ¹Parifiensem
1228 3453 1365 3514 autem
1385 3433 1564 3542 regiam,
1592 3429 1697 3518 mul·

188 3565 238 3648 ¹'ti
274 3587 395 3676 reges
431 3557 668 3672 permulta
701 3555 832 3646 secula
883 3555 1137 3659 adornarunt
1172 3553 1554 3673 manuscriptisque
1595 3558 1697 3646 dita-

111 3697 154 3768 '.
189 3714 324 3778 =runtt
358 3685 427 3775 sed
464 3693 650 3776 omnium
684 3687 778 3800 plus
829 3682 1050 3774 defun'blus
1099 3685 1461 3774 Rex-Ludouic'us
1493 3687 1601 3775 xlv.
1623 3693 1698 3801 q'ui

206 3845 253 3908 vt
287 3824 330 3905 in
363 3818 473 3924 aliis,
506 3815 559 3902 fic
590 3821 631 3902 in
664 3815 745 3903 hoc
777 3821 947 3930 negotio
981 3843 1066 3902 non
1099 3815 1311 3928 parcendo
1353 3819 1558 3928 pecuniis,
1590 3814 1695 3902 mul·

199 3963 249 4035 'ta
284 3947 499 4056 donando,
534 3945 654 4058 plura
688 3943 989 4059 promittendo,
1023 3944 1224 4058 plurimos
1257 3971 1307 4030 ex
1342 3941 1535 4030 omnibus
1570 3947 1694 4055 parti·

207 4076 287 4163 bus
320 4077 482 4189 collegit
522 4069 853 4188 manuscriptos,
887 4099 928 4160 et
978 4099 1030 4158 ne
1076 4091 1307 4160 ceterarum
1348 4067 1695 4160 bibliothecarum
1781 4091 1788 4104 ·

204 4203 469 4320 manuscripti
506 4201 668 4290 codices
701 4201 932 4318 effugerent
950 4201 1068 4290 illius
1090 4205 1391 4314 cognitionem,
1426 4206 1561 4314 primo
1580 4201 1693 4288 loan-

191 4361 304 4448 nem
353 4333 667 4440 Mabilionium,
717 4335 809 4446 post
849 4327 1212 4436 Montfoconium,
1256 4326 1350 4416 snos
1390 4325 1693 4444 sapientissimos

150 4488 247 4552 ·.et
284 4463 569 4556 eruditilfimos
601 4459 935 4551 bibliothecarios
966 4465 1154 4548 maximis
1188 4457 1371 4588 expensis
1409 4455 1576 4576 legabat
1614 4485 1693 4572 per

967 4591 1039 4680 la
1559 4611 1690 4678 totam
